@incollection{seqinr,
    author = {Charif, D. and Lobry, J.R.},
    title = {Seqin{R} 1.0-2: a contributed package to the {R} project for statistical computing devoted to biological sequences retrieval and analysis.},
    booktitle = {Structural approaches to sequence evolution: Molecules, networks, populations},
    year = {2007},
    editor = {U. Bastolla, M. Porto, H.E. Roman and M. Vendruscolo},
    series = {Biological and Medical Physics, Biomedical Engineering},
    pages = {207-232},
    address = {New York, USA},
    publisher = {Springer Verlag},
    note = {{ISBN} 978-3-540-35305-8},
}

@manual{RFAQ,
   Author = {Hornik, K.},
   Title = {The {R} {FAQ}: Frequently Asked Questions on R (version 2.3.2006-07-13)},
   Note = {{ISBN} 3-900051-08-9 \url{http://CRAN.R-project.org/doc/FAQ/}},
   Year = {2006},
}

@book{GautierC1982a,
   Author = {Gautier, C. and Gouy, M. and Jacobzone, M. and Grantham, R.},
   Title = {Nucleic acid sequences handbook. Vol. 1.},
   Publisher = {Praeger Publishers},
   Address = {London, UK},
   Note = {{ISBN} 0-275-90798-8},
   Year = {1982}
}

@book{GautierC1982b,
   Author = {Gautier, C. and Gouy, M. and Jacobzone, M. and Grantham, R.},
   Title = {Nucleic acid sequences handbook. Vol. 2.},
   Publisher = {Praeger Publishers},
   Address = {London, UK},
   Note = {{ISBN} 0-275-90799-6},
   Year = {1982}
}

@article{R,
   Author = {Ihaka, R. and Gentleman, R.}, 
   Title = {R: A Language for Data Analysis and Graphics},
   Journal = {J. Comp. Graph. Stat.},
   Volume = {3},
   Pages = {299-314},
 Year = {1996}
}

@Manual{RfromR,
    title = {R: A Language and Environment for Statistical Computing},
    author = {{R Development Core Team}},
    organization = {R Foundation for Statistical Computing},
    address = {Vienna, Austria},
    year = {2007},
    note = {{ISBN} 3-900051-07-0},
    url = {http://www.R-project.org},
}

@article{Sweave,
   Author="Leisch, F.",
   Title="Sweave: Dynamic generation of statistical reports using literate data analysis",
   Journal="Proceedings in Computational Statistics",
   Year="2002",
   Volume="Compstat 2002",
   Pages="575-580"
}

@patent{wheel,
   Author="Keogh, J.",
   Title="Circular transportation facilitation device",
   organization ="Australian Patent Office",
   Year="2001",
   number ="AU 2001100012 A4",
   url="http://www.ipmenu.com/archive/AUI_2001100012.pdf"
}

@article{lobrysueoka,
  author = {Lobry, J.R. and Sueoka, N.},
  title = {Asymmetric directional mutation pressures in bacteria.},
  journal = {Genome Biology},
  year = {2002},
  volume = {3},
  number = {10},
  pages = {research0058.1-research0058.14},
  url = {http://genomebiology.com/2002/3/10/research/0058}
}

@inbook{repro,
  author =  {J. Buckheit and D. L. Donoho},
  title =  {Wavelets and Statistics},
  chapter =  {Wavelab and reproducible research},
  publisher =  {Springer-Verlag},
  year =  1995,
  address =  {Berlin, New York},
  note = {A. Antoniadis editor}
}

@article{fifine,
  author = {Charif, D. and Thioulouse, J. and Lobry, J.R. and Perrière, G.},
  title = {Online synonymous codon usage analyses with the ade4 and seqin{R} packages.},
  journal = {Bioinformatics},
  year = {2005},
  volume = {21},
  number = {4},
  pages = {545-7},
  url = {http://pbil.univ-lyon1.fr/members/lobry/repro/bioinfo04/}
}

@article{chargaff,
   Author = {Rudner, R. and Karkas, J.D. and Chargaff, E.}, 
   Title = {Separation of microbial deoxyribonucleic acids into complementary strands},
   Journal = {Proceedings of the National Academy of Sciences of the United States of America},
   Volume = {63},
   Pages = {152-159},
   Year = {1969}
}

@article{lobrylncs,
   Author = {Lobry, J.R.}, 
   Title = {Life history traits and genome structure: aerobiosis and {G+C} content in bacteria},
   Journal = {Lecture Notes in Computer Sciences},
   Volume = {3039},
   Pages = {679-686},
   Year = {2004}
}

@article{Karlin,
   Author = {Karlin, S. and Brendel, V.}, 
   Title = {Chance and Statistical Significance in Protein and DNA Sequence Analysis},
   Journal = {Science},
   Volume = {257},
   Pages = {39-49},
   Year = {1992}
}

@article{UV,
   Author = {Palmeira, L. and Gu{\'e}guen, L. and Lobry, J.R.}, 
   Title = {{UV}-targeted dinucleotides are not depleted in light-exposed Prokaryotic genomes},
   Journal = {Molecular Biology and Evolution},
   Volume = {23},
   Pages = {2214-2219},
   Year = {2006}
}

@article{Singer,
   Author = {Singer, C.E. and Ames, B.N.}, 
   Title = {Sunlight Ultraviolet and Bacterial {DNA} Base Ratios},
   Journal = {Science},
   Volume = {170},
   Pages = {822-826},
   Year = {1970},
}

@article{Bak,
   Author = {Bak, A.L. and Atkins, J.F. and Singer, C.E. and Ames, B.N.}, 
   Title = {Evolution of DNA Base Compositions in Microorganisms},
   Journal = {Science},
   Volume = {175},
   Pages = {1391-1393},
   Year = {1972},
}

@article{Setlow,
   Author = {Setlow, R. B.}, 
   Title = {Cyclobutane-Type Pyrimidine Dimers in Polynucleotides},
   Journal = {Science},
   Volume = {153},
   Pages = {379-386},
   Year = {1966},
}

@article{misuse,
   Author = {Perri{è}re, G. and Thioulouse, J.}, 
   Title = {Use and misuse of correspondence analysis in codon usage studies},
   Journal = {Nucleic Acids Res.},
   Volume = {30},
   Pages = {4548-4555},
 Year = {2002} 
}

@PhDThesis{CG,
   Author = {Gautier, C.},
   Title = {Analyses statistiques et {\'e}volution des s{\'e}quences d'acides nucl{\'e}iques},
   School = {Universit{\'e} Claude Bernard - Lyon I},
   Year = {1987}
}

@article{lobrygautier,
  author = {Lobry, J.R. and Gautier, C.},
  title = {Hydrophobicity, expressivity and aromaticity are the major trends of
      amino-acid usage in 999 \textit{Escherichia coli} chromosome-encoded genes},
  journal = {Nucleic Acids Res},
  year = {1994},
  volume = {22},
  pages = {3174-80}
}

@article{KD,
  author = {Kyte, J. and Doolittle, R.F.},
  title = {A simple method for displaying the hydropathic character of a protein},
  journal = {Journal of Molecular Biology},
  year = {1982},
  volume = {157},
  pages = {105-132}
}

@article{kaks,
  author = {Li, W.-H.},
  title = {Unbiased estimation of the rates of synonymous and nonsynonymous substitution},
  journal = {J. Mol. Evol.},
  year = {1993},
  volume = {36},
  pages = {96-99}
}

@article{hurst,
  author = {Hurst, L.D.},
  title = {The {Ka/Ks} ratio: diagnosing the form of sequence evolution},
  journal = {Trends Genet.},
  year = {2002},
  volume = {18},
  pages = {486-487}
}

@article{lobrychessel,
   Author = {Lobry, J.R. and Chessel, D.}, 
   Title = {Internal correspondence analysis of codon and amino-acid usage in thermophilic bacteria},
   Journal = {Journal of Applied Genetics},
   Volume = {44},
   Pages = {235-261},
 Year = {2003}
}

@article{CAI,
   Author = {Sharp, P.M. and Li, W.-H.}, 
   Title = {The codon adaptation index - a measure of directional synonymous codon usage bias, 
     and its potential applications},
   Journal = {Nucleic Acids Research},
   Volume = {15},
   Pages = {1281-1295},
 Year = {1987}
}

@article{oriloc,
author = {Frank, A.C. and Lobry, J.R.},
title = {Oriloc: prediction of replication boundaries in unannotated bacterial
      chromosomes.},
journal = {Bioinformatics},
year = {2000},
volume = {16},
number = {6},
pages = {560-561}
}

@article{smorfland,
   Author = {Mackiewicz, P. and Zakrzewska-Czerwi{\'n}ska, J. and Zawilak, A. and
    Dudek, M.R. and Cebrat, S.}, 
   Title = {Where does bacterial replication start? Rules for predicting the \textit{oriC} region},
   Journal = {Nucleic Acids Research},
   Volume = {32},
   Pages = {3781-3791},
 Year = {2004}
}

@article{HannahMA2005,
   Author = {Hannah, M.A. and Heyer, A.G. and Hincha, D.K.}, 
   Title = {A global survey of gene regulation during cold acclimation in 
    \textit{Arabidopsis thaliana}},
   Journal = {PLoS Genet.},
   Volume = {1},
   Pages = {e26},
 Year = {2005}
}

@article{GarayArroyoA2000,
   Author = {Garay-Arroyo, A. and Colmenero-Flores, J.M. and
    Garciarrubio, A. and Covarrubias, A.A.}, 
   Title = {Highly hydrophilic proteins in prokaryotes and eukaryotes are 
     common during conditions of water deficit},
   Journal = {J. Biol. Chem.},
   Volume = {275},
   Pages = {5668-5674},
 Year = {2000}
}

@article{parafit,
   Author = {Legendre, P. and Desdevises, Y. and Bazin, E.}, 
   Title = {A statistical test for host-parasite coevolution},
   Journal = {Syst. Biol.},
   Volume = {51},
   Pages = {217-234},
 Year = {2002}
}

@article{nj,
   Author = {Saitou, N. and Nei, M.}, 
   Title = {The neighbor-joining method: a new method for reconstructing phylogenetic trees},
   Journal = {Molecular Biology and Evolution},
   Volume = {4},
   Pages = {406-425},
 Year = {1984}
}

@inproceedings{JC,
   Author = {Jukes, T.H. and Cantor, C.R.},
   Title = {Evolution of protein molecules},
   Booktitle = {Mammalian Protein Metabolism},
   Year = {1969},
   Editor = {Munro, H.N.},
   Pages = {21-132},
   Publisher = {Academic Press},
   Address = {New York}
}

@article{K80,
   Author = {Kimura, M.}, 
   Title = {A simple method for estimating evolutionary rates of base substitutions through comparative 
     studies of nucleotide sequences},
   Journal = {J. Mol. Evol.},
   Volume = {16},
   Pages = {111-120},
 Year = {1980}
}

@article{SeaView,
   Author = {Galtier, N. and Gouy, M. and Gautier, C.}, 
   Title = {{SeaView} and {Phylo\_win}, two graphic tools for sequence alignment 
      and molecular phylogeny},
   Journal = {Comput. Applic. Biosci.},
   Volume = {12},
   Pages = {543-548},
 Year = {1996}
}

@article{clustalw,
   Author = {Higgins, D. G. and Sharp, P. M.}, 
   Title = {{CLUSTAL}: a package for performing multiple sequence 
   alignment on a microcomputer},
   Journal = {Gene},
   Volume = {73},
   Pages = {237-244},
 Year = {1988}
}

@article{clustal2005,
   Author = {Wallace, I.M. and Blackshields, G. and Higgins, D.G.}, 
   Title = {Multiple sequence alignments},
   Journal = {Curr. Opin. Struct. Biol.},
   Volume = {15},
   Pages = {261-266},
 Year = {2005}
}

@article{PHYLIP,
   Author = {Felsenstein, J.}, 
   Title = {{PHYLIP}-Phylogeny Inference Package (Version 3.2)},
   Journal = {Cladistics},
   Volume = {5},
   Pages = {164-166},
 Year = {1989}
}

@article{FASTA,
   Author = {Pearson, W.R. and Lipman, D.J.}, 
   Title = {Improved tools for biological sequence comparison},
   Journal = {Proceedings of the National Academy of Sciences of the United States of America},
   Volume = {85},
   Pages = {2444-2448},
 Year = {1988}
}

@article{aaindex1,
   Author = {Kawashima, S. and Kanehisa, M.}, 
   Title = {{AAindex}: amino acid index database},
   Journal = {Nucleic Acids Res.},
   Volume = {28},
   Pages = {374-374},
 Year = {2000}
}

@article{aaindex2,
   Author = {Tomii, K. and Kanehisa, M.}, 
   Title = {Analysis of amino acid indices and mutation matrices for sequence 
   comparison and structure prediction of proteins},
   Journal = {Protein Eng.},
   Volume = {9},
   Pages = {27-36},
 Year = {1996}
}

@article{aaindex3,
   Author = {Nakai, K. and Kidera, A. and Kanehisa, M.}, 
   Title = {Cluster analysis of amino acid indices for prediction of protein structure and
       function},
   Journal = {Protein Eng.},
   Volume = {2},
   Pages = {93-100},
 Year = {1988}
}

@PhDThesis{codonW,
   Author = {Peden, J.F.},
   Title = {Analysis of codon usage},
   School = {University of Nottingham},
   Year = {1999}
}

@article{noboru88,
   Author = {Sueoka, N.}, 
   Title = {Directional mutation pressure and neutral molecular evolution},
   Journal = {Proceedings of the National Academy of Sciences of the United States of America},
   Volume = {85},
   Pages = {2653 -2657},
 Year = {1988}
}

@article{noboru99,
   Author = {Sueoka, N.}, 
   Title = {Two aspects of {DNA} base composition: {G+C} content and translation-coupled
   deviation from intra-strand rule of \textit{A = T} and \textit{G = C}},
   Journal = {J. Mol. Evol.},
   Volume = {49},
   Pages = {49-62},
 Year = {1999}
}

@article{OsawaS1992,
   Author = {Osawa, S. and Jukes, T. H. and Watanabe, K. and Muto, A.}, 
   Title = {Recent evidence for evolution of the genetic code},
   Journal = {Microbiol. Rev.},
   Volume = {56},
   Pages = {229-264},
 Year = {1992}
}

@article{JukesTH1993,
   Author = {Jukes, T. H. and Osawa, S.}, 
   Title = {Evolutionary changes in the genetic code},
   Journal = {Comp. Biochem. Physiol. B.},
   Volume = {106},
   Pages = {489-494},
 Year = {1993}
}

@inproceedings{GouldSJ1995,
   Author = {Gould, S.J.},
   Title = {Ladders and Cones: Constraining Evolution by Canonical Icons},
   Booktitle = {Hidden Histories of Science},
   Editor = {Silvers, R.B.},
   Pages = {37-67},
   Publisher = {New York Review of Books},
   Address = {New York, USA},
   Year = {1995},
}

@book{GouldSJ1989,
   Author = {Gould, S.J.},
   Title = {Wonderful life},
   Publisher = {Norton},
   Address = {New York, USA},
   Year = {1989}
}

@book{LovejoyAO1936,
   Author = {Lovejoy, A.O.},
   Title = {The Great Chain of Being: A Study of the History of an Idea},
   Publisher = {Harvard University Press},
   Address = {Cambridge, Massachusetts, USA},
   Year = {1936}
}

@article{GranthamR1974,
   Author = {Grantham, R.}, 
   Title = {Amino acid difference formula to help explain protein evolution},
   Journal = {Science},
   Volume = {185},
   Pages = {862-864},
  Year = {1974}
}

@manual{analseq,
  Title = {{ANALSEQ Manuel d'utilisation}},
  Author = {Jacobzone, M. and Gautier, C.},
  Organization = {UMR CNRS 5558, Biom{\'e}trie, G{\'e}n{\'e}tique et Biologie des Populations},
  Adress = {Universit{\'e} Claude Bernard Lyon 1, 43 Bd 11/11/1918, 
                F-69622 Villeurbanne CEDEX},
  Year = {1989}
}

@article{acnuc1984,
   Author = {Gouy, M. and  Milleret, F. and Mugnier, C. and Jacobzone, M. and Gautier, C.}, 
   Title = {{ACNUC}: a nucleic acid sequence data base and analysis system},
   Journal = {Nucleic Acids Res.},
   Volume = {12},
   Pages = {121-127},
  Year = {1984}
}

@Article{acnuc1985,
   Author="Gouy, M. and Gautier, C. and Attimonelli, M. and Lanave, C. and {di Paola}, G.",
   Title="{ACNUC}-a portable retrieval system for nucleic acid sequence databases: 
   logical and physical designs and usage",
   Journal="Computer Applications in the Biosciences",
   Year="1985",
   Volume="1",
   Pages="167-172"
}

@article{acnuc1985b,
   Author = {Gouy, M. and Gautier, C. and Milleret, F.}, 
   Title = {System analysis and nucleic acid sequence banks},
   Journal = {Biochimie},
   Volume = {67},
   Pages = {433-436},
  Year = {1985}
}

@article{acnuc2007,
   Author = {Gouy, M. and Delmotte, S.}, 
   Title = {Remote access to {ACNUC} nucleotide and protein sequence databases at {PBIL}},
   Journal = {Biochimie},
   Volume = {90},
   Pages = {555-562},
  Year = {2008}
}

@article{analyseq,
   Author = {Staden, R.}, 
   Title = {Graphic methods to determine the function of nucleic acid sequences},
   Journal = {Nucleic Acids Res.},
   Volume = {12},
   Pages = {521-538},
  Year = {1984}
}

@Manual{grid,
    title = {R: A Language and Environment for Statistical Computing},
    author = {{R Development Core Team}},
    organization = {R Foundation for Statistical Computing},
    address = {Vienna, Austria},
    year = {2006},
    note = {{ISBN} 3-900051-07-0},
    url = {http://www.R-project.org},
  }

@Manual{XML,
    title = {{XML}: Tools for parsing and generating {XML} within {R} and {S-Plus}},
    author = {Duncan Temple Lang (duncan@wald.ucdavis.edu)},
    year = {2006},
    note = {R package version 0.99-8},
    url = {http://www.omegahat.org/RSXML},
  }
  
@Manual{grImport,
    title = {grImport: Importing Vector Graphics},
    author = {Paul Murrell and Richard Walton.},
    year = {2006},
    note = {R package version 0.2},
}

@Manual{xtable,
    title = {xtable: Export tables to {LaTeX} or {HTML}},
    author = {Dahl, D.B and {\textit{et al.}}},
    year = {2005},
    note = {R package version 1.3-0},
 }

@article{jrl0009,
   Author = {Andersson, S.G. and Zomorodipour, A. and Andersson, J.O. and 
   Sicheritz-Ponten, T. and Alsmark, U.C. and Podowski, R.M. and Naslund, A.K. and 
   Eriksson, A.S. and Winkler, H.H. and Kurland, C.G.},
   Title = {The genome sequence of \textit{Rickettsia prowazekii} and the origin of mitochondria},
   Journal = {Nature},
   Volume = {396},
   Pages = {133-140},
 Year = {1998} }

@article{SalzbergSL1998,
author = {Salzberg, S.L. and Delcher, A.L. and  Kasif, S. and White, O.},
title = {Microbial gene identification using interpolated {M}arkov models.},
journal = {Nucleic Acids Research},
year = {1998},
volume = {26},
pages = {544-548}
}

@article{DelcherAL1999,
author = {Delcher, A.L. and Harmon, D. and  Kasif, S. and White, O. and Salzberg, S.L.},
title = {Improved microbial gene identification with {GLIMMER}},
journal = {Nucleic Acids Research},
year = {1999},
volume = {27},
pages = {4636-4641}
}

@PHDTHESIS{Schbath-thesis,
  author = {Schbath, Sophie},
  title = {{Étude asymptotique du nombre d'occurrences d'un mot dans une chaîne
	de Markov et application à la recherche de mots de fréquence exceptionnelle
	dans les séquences d'ADN}},
  school = {Université René Descartes, Paris V},
  year = {1995},
  keywords = {compound Poisson approximation, central limit theorem, Chen-Stein
	method, count of words, DNA sequences, Markov chain, periods of words,
	unexpected frequency},
  owner = {palmeira},
  pdf = {Schbath-thesis.pdf},
  timestamp = {2007.07.23},
}

@article{ZakrezewskaCzerwinskaJ1992,
author = {Zakrezewska-Czerwi{\'n}ska, J. and Schrempf, H.},
title = {Characterization of an Autonomously Replicating Region from the \textit{Streptomyces lividans} Chromosome},
journal = {Journal of Bacteriology},
year = {1992},
volume = {174},
pages = {2688-2693}
}

@article{ZawilakA2001,
author = {Zawilak, A. and Cebrat, S. and Mackiewicz, P. and Kr{\'o}l-Hulewicz, A. and Jakimowicz, D. and
Messer, W. and Gosciniak, G. and Zakrezewska-Czerwi{\'n}ska, J.},
title = {Identification of a putative chromosomal replication origin from \textit{Helicobacter pylori}
 and its interaction with the initiator protein {DnaA}},
journal = {Nucleic Acids Research},
year = {2001},
volume = {29},
pages = {2251-2259}
}

@article{ZyskindJW1979,
author = {Zyskind, J.W. and Deen, L.T. and Smith, D.W.},
title = {Isolation and mapping of plasmids containing the \textit{Salmonenna thyphimurium} origin
of {DNA} replication},
journal = {Proceedings of the National Academy of Sciences of the United States of America},
year = {1979},
volume = {76},
pages = {3097-3101}
}

@article{ZyskindJW1980,
author = {Zyskind, J.W. and Smith, D.W.},
title = {Nucleotide sequence of the \textit{Salmonenna thyphimurium} origin of {DNA} replication},
journal = {Proceedings of the National Academy of Sciences of the United States of America},
year = {1980},
volume = {77},
pages = {2460-2464}
}

@article{ZyskindJW1983,
author = {Zyskind, J.W. and Cleary, J.M. and Brusilow, W.S.A. and Harding, N.E. and Smith, D.W.},
title = {Chromosomal replication origin from the marine bacterium \textit{Vibrio harveyi} functions
in \textit{Escherichia coli}: \textit{oriC} consensus sequence},
journal = {Proceedings of the National Academy of Sciences of the United States of America},
year = {1983},
volume = {80},
pages = {1164-1168}
}

@article{TakedaY1982,
author = {Takeda, Y. and Harding, N.E. and Zyskind, J.W.},
title = {The chromosomal origin of replication (\textit{oriC}) of \textit{Erwinia carotovora}},
Journal = {Nucleic Acids Research},
year = {1982},
volume = {10},
pages = {2639-2650}
}

@article{YeeTW1990,
author = {Yee, T.W. and Smith, D.W.},
title = {\textit{Pseudomonas} chromosomal replication origins: a bacterial class distinct from
\textit{Escherichia coli}-type origins},
journal = {Proceedings of the National Academy of Sciences of the United States of America},
year = {1990},
volume = {87},
pages = {1278-1282}
}

@article{PicardeauM1999,
author = {Picardeau, M. and  Lobry, J.R. and  Hinnebusch, B.J.},
title = {Physical mapping of an origin of bidirectional replication at the centre
      of the \textit{Borrelia burgdorferi} linear chromosome.},
journal = {Molecular Microbiology},
year = {1999},
volume = {32},
pages = {437-445}
}

@article{SibleyCD2006,
author = {Sibley, C.D. and MacLellan, S.R. and Finan T.},
title = {The \textit{Sinorhizobium meliloti} chromosomal origin of replication},
journal = {Microbiology},
year = {2006},
volume = {152},
pages = {443-455}
}

@article{HardingNE1982,
author = {Harding, N.E. and Cleary, J.M. and Smith, D.W. and Michon, J.J. and Brusilow, W.S.A and Zyskind, J.W.},
title = {Chromosomal replication origins (\textit{OriC}) of \textit{Enterobacter aerogenes} and
\textit{Klebsiella pneumoniae} are functional in \textit{Escherichia coli}},
journal = {Journal of Bacteriology},
year = {1982},
volume = {152},
pages = {983-993}
}


@article{DingwallA1989,
author = {Dingwall, A. and Shapiro, L.},
title = {Rate, origin, and bidirectionality of \textit{Caulobacter} chromosome replication as
determined by pulsed-field gel electrophoresis},
journal = {Proceedings of the National Academy of Sciences of the United States of America},
year = {1989},
volume = {86},
pages = {119-123}
}

@article{MyllykallioH2000,
author = {Myllykallio, H. and Lopez, P. and L{\'o}pez-Garc{\'i}a, P. and Heilig, R. and Saurin, W.
and Zivanovic, Y. and Philippe, H. and Forterre, P.},
title = {Bacterial mode of replication with eukaryotic-like machinery in a hyperthermophilic Archaeon},
journal = {Science},
year = {2000},
volume = {288},
pages = {2212-2215}
}

@article{MatsunagaF2001,
author = {Matsunaga, F. and Forterre, P. and Ishino, Y. and Myllykallio, H.},
title = {\textit{In vivo} interactions of archael {Cdc6/Orc1} and minichromosome maintenance
proteins with the replication origin},
journal = {Proceedings of the National Academy of Sciences of the United States of America},
year = {2001},
volume = {98},
pages = {11152-11157}
}


@article{MatsunagaF2003,
author = {Matsunaga, F. and Norais, C. and Forterre, P. and Myllykallio, H.},
title = {Identification of short 'eukaryotic' {O}kazaki fragments synthesized from
a prokaryotic replication origin},
journal = {EMBO reports},
year = {2003},
volume = {4},
pages = {154-158}
}

@article{BerquistBR2003,
author = {Berquist, B.R. and DasSarma, S.},
title = {An archaeal chromosomal autonomously replicating sequence element from an
extreme Halophile, \textit{Halobacterium} sp. strain {NRC-1}},
journal = {Journal of Bacteriology},
year = {2003},
volume = {185},
pages = {5959-5966}
}

@article{NoraisC2007,
author = {Norais, C. and Hawkins, M. and Hartman, A.L. and Eisen, J.A. and Myllykallio, H. and Allers, T.},
title = {Genetic and physical mapping of {DNA} replication origins in \textit{Haloferax volcanii}},
journal = {PLOS Genetics},
year = {2007},
volume = {3},
pages = {e77}
}

@article{RobinsonNP2004,
author = {Robinson, N.P. and Dionne, I. and Lundgren, M. and Marsch, V.L. and Bernander, R. and Bell, S.D.},
title = {Identification of two origins of replication in the single chromosome of the archaeon
\textit{Sulfolobus solfataricus}},
journal = {Cell},
year = {2004},
volume = {116},
pages = {25-38}
}

@article{LundgrenM2004,
author = {Lundgren, M. and Andersson, A. and Chen, L. and Nilsson, P. and Bernander, R.},
title = {Three replication origins in \textit{Sulfolobus} species: synchronous initiation of
chromosome replication and asynchronous termination},
journal = {Proceedings of the National Academy of Sciences of the United States of America},
year = {2004},
volume = {101},
pages = {7046-7051}
}

@article{LobryMBE96,
author = {Lobry, J.R.},
title = {Asymmetric substitution patterns in the two {DNA} strands of bacteria},
journal = {Molecular Biology and Evolution},
year = {1996},
volume = {13},
pages = {660-665}
}

@article{BlattnerFR1997,
   Author = {Blattner, F.R. and Plunkett III, G. and Bloch, C.A. and Perna, N.T.
   and Burland, V. and Rilley, M. and Collado-Vides, J. and Glasner, J.D. and
   Rode, C.K. and Mayhew, G.F. and Gregor, J. and Davis, N.W. and
   Kirkpatrick, H.A. and Goeden, M.A. and Rose, D.J. and Mau, B. and Shao, Y.},
   Title = {The complete genome sequence of \textit{Escherichia coli} {K-12}},
   Journal = {Science},
   Volume = {277},
   Pages = {1453-1462},
 Year = {1997} }

@article{HayashiK2006,
   Author = {Hayashi, K. and Morooka, N. and Yamamoto, Y. and Fujita, K. and
   Isono, K. and Choi, S. and Ohtsubo, E. and Baba, T. and Wanner, B.L. and
   Mori, H. and Horiuchi, T.},
   Title = {Highly accurate genome sequences of \textit{Escherichia coli} {K-12}
   strains {MG1655} and {W3110}},
   Journal = {Molecular Systems Biology},
   Volume = {2},
   Pages = {2006.0007},
 Year = {2006} }

@article{SofiaHJ1994,
   Author = {Sofia, H.J. and Burland, V. and Daniels, D.L. and Plunkett, G. and Blattner, F.R.},
   Title = {Analysis of the \textit{Escherichia coli} genome. {V.} {DNA} sequence 
   of the region from 76.0 to 81.5 minutes},
   Journal = {Nucleic Acids Research},
   Volume = {22},
   Pages = {2576-2586},
 Year = {1994} }

@article{BurlandV1993,
   Author = {Burland, V. and Plunkett, G. and Daniels, D.L. and Blattner, F.R.},
   Title = {{DNA} sequence and analysis of 136 kilobases of the \textit{Escherichia coli}
   genome: organizational symmetry around the origin of replication},
   Journal = {Genomics},
   Volume = {16},
   Pages = {551-561},
 Year = {1993} }

@article{DanielsDL1992,
   Author = {Daniels, D.L. and Plunkett, G. and Burland, V. and Blattner, F.R.},
   Title = {Analysis of the \textit{Escherichia coli} genome: {DNA} sequence of 
   the region from 84.5 to 86.5 minutes},
   Journal = {Science},
   Volume = {257},
   Pages = {771-778},
 Year = {1992} }

@article{PlunkettG1993,
   Author = {Plunkett, G. and Burland, V. and Daniels, D.L. and Blattner, F.R.},
   Title = {Analysis of the \textit{Escherichia coli} genome. {III.} {DNA} 
   sequence of the region from 87.2 to 89.2 minutes},
   Journal = {Nucleic Acids Research},
   Volume = {21},
   Pages = {3391-3398},
 Year = {1993} }

@article{BlattnerFR1993,
   Author = {Blattner, F.R. and Burland, V. and Plunkett, G. and Sofia, H.J. and Daniels, D.L.},
   Title = {Analysis of the \textit{Escherichia coli} genome. {IV.} {DNA} sequence of the 
   region from 89.2 to 92.8 minutes},
   Journal = {Nucleic Acids Research},
   Volume = {21},
   Pages = {5408-5417},
 Year = {1993} }

@article{YuraT1992,
   Author = {Yura, T. and Mori, H. and Nagai, H. and Nagata, T. and Ishihama, A. and
   Fujita, N. and Isono, K. and Mizobuchi, K. and Nakata, A.},
   Title = {Systematic sequencing of the \textit{Escherichia coli} genome: analysis 
   of the 0-2.4 min region},
   Journal = {Nucleic Acids Research},
   Volume = {20},
   Pages = {3305-3308},
 Year = {1992} }

@book{MurrellP2005,
   Author = {Murrell, P.},
   Title = {R Graphics},
   Publisher = {Chapman \& Hall/CRC},
   Address = {New York},
   Series = {Computer Science \& Data Analysis},
   Note = {{ISBN}: 9781584884866 \url{http://www.stat.auckland.ac.nz/~paul/RGraphics/rgraphics.html}},
 Year = {2005} }

@Article{ape2004,
    title = {APE: analyses of phylogenetics and evolution in {R} language},
    author = {E. Paradis and J. Claude and K. Strimmer},
    journal = {Bioinformatics},
    year = {2004},
    volume = {20},
    pages = {289-290}
}

@Article{WilcoxonF1945,
    title = {Individual comparisons by ranking methods},
    author = {Wilcoxon, F.},
    journal = {Biometrics Bulletin},
    year = {1945},
    volume = {1},
    pages = {80-83}
}

@Manual{tseries,
    title = {tseries: Time Series Analysis and Computational Finance},
    author = {Adrian Trapletti and Kurt Hornik},
    year = {2007},
    note = {R package version 0.10-11.},
    url = {http://CRAN.R-project.org/},
}

@Article{PacesJ2004,
    title = {Representing {GC} variation along eukaryotic chromosomes},
    author = {Pa\v{c}es, J. and Z\'{i}ka, R. and Pa\v{c}es, V. and
         Pavl\'{i}\v{c}ek, A. and Clay, O. and Bernardi, G.},
    journal = {Gene},
    year = {2004},
    volume = {333},
    pages = {135-141}
}

@Manual{Biostrings,
    title = {Biostrings: String objects representing biological 
      sequences, and matching algorithms},
    author = {H. Pages and R. Gentleman and S. DebRoy},
    year = {2007},
    note = {R package version 2.6.4},
}

@PhDThesis{PalmeiraL2007,
   Author = {Palmeira, L.},
   Title = {Analyse et mod{\'e}lisation des d{\'e}pendances entre
            sites voisins dans l'{\'e}volution des s{\'e}quences d'{ADN}},
   School = {Universit{\'e} Claude Bernard - Lyon I},
   Year = {2007}
}

@Article{LitjensRA1999,
    title = {Visible and near-ultraviolet absorption spectrum of liquid water},
    author = {Litjens, R.A. and  Quickenden, T.I. and Freeman, C.G.},
    journal = {Applied Optics},
    year = {1999},
    volume = {38},
    pages = {1216-1223}
}

@Article{QuickendenTI1980,
    title = {The ultraviolet absorption spectrum of liquid water},
    author = {Quickenden, T.I. and Irvin, J.A.},
    journal = {The Journal of Chemical Physics},
    year = {1980},
    volume = {72},
    pages = {4416-4428}
}

%
% Begin section of paper refering to seqinR
%

@Article{ZhangY2007,
    title = {Constraint and turnover in sex-biased gene
             expression in the genus \textit{Drosophila}},
    author = {Zhang, Y. and Sturgill, D. and Parisi, M. and Kumar, S. and Oliver, B.},
    journal = {Nature},
    year = {2007},
    volume = {450},
    pages = {233-237}
}

@Article{SturgillD2007,
    title = {Demasculinization of {X} chromosomes in the
             \textit{Drosophila} genus},
    author = {Sturgill, D. and Zhang, Y. and Parisi, M. and Oliver, B.},
    journal = {Nature},
    year = {2007},
    volume = {450},
    pages = {238-241}
}

%
% End section of paper refering to seqinR
%

@article{gold1,
   Author = {Kyrpides, N.C.},
   Title = {Genomes OnLine Database ({GOLD 1.0}): a monitor of complete and ongoing 
   genome projects world-wide},
   Journal = {Bioinformatics},
   Volume = {15},
   Pages = {773-774},
 Year = {1999} }

@article{gold2,
   Author = {Bernal, A. and Ear, U. and Kyrpides, N.},
   Title = {Genomes OnLine Database ({GOLD}): a monitor of genome projects world-wide},
   Journal = {Nucleic Acids Research},
   Volume = {29},
   Pages = {126-127},
 Year = {2001} }

@article{gold3,
   Author = {Liolios, K. and Tavernarakis, N. and Hugenholtz, P. and Kyrpides, N.C.},
   Title = {The Genomes On Line Database ({GOLD}) v.2: a monitor of genome projects worldwide},
   Journal = {Nucleic Acids Research},
   Volume = {34},
   Pages = {D332-D334},
 Year = {2006} }

@article{gold4,
   Author = {Liolios, K. and Mavrommatis, K. and Tavernarakis, N. and Kyrpides, N.C.},
   Title = {The Genomes On Line Database ({GOLD}) in 2007: status of genomic and metagenomic projects and their associated metadata},
   Journal = {Nucleic Acids Research},
   Volume = {in press},
   Pages = {D000-D000},
 Year = {2008} }

@article{GautierC1985,
   Author = {Gautier, C. and Gouy, M. and Louail, S.},
   Title = {Non-parametric statistics for nucleic acid sequence study},
   Journal = {Biochimie},
   Volume = {67},
   Pages = {449-453},
 Year = {1985} }

@article{RocapG2003,
   Author = {Rocap, G. and Larimer, F.W. and Lamerdin, J. and Malfatti, S. and Chain, P. and
            Ahlgren, N.A. and Arellano, A. and Coleman, M. and Hauser, L. and Hess, W.R. and
            Johnson, Z.I. and Land, M. and Lindell, D. and Post, A.F. and Regala, W. and Shah, M. and
            Shaw, S.L. and Steglich, C. and Sullivan, M.B. and Ting, C.S. and Tolonen, A. and
            Webb, E.A. and Zinser, E.R. and Chisholm, S.W.},
   Title = {Genome divergence in two \textit{Prochlorococcus} ecotypes 
            reflects oceanic niche differentiation},
   Journal = {Nature},
   Volume = {424},
   Pages = {1042-1047},
 Year = {2003} }

@article{DufresneA2003,
   Author = {Dufresne, A. and Salanoubat, M. and Partensky, F. and Artiguenave, F. and
            Axmann, I.M. and Barbe, V. and Duprat, S. and Galperin, M.Y. and Koonin, E.V. and Le
            Gall, F. and Makarova, K.S. and Ostrowski, M. and Oztas, S. and Robert, C. and
            Rogozin, I.B. and Scanlan, D.J. and Tandeau de Marsac, N. and Weissenbach, J. and
            Wincker, P. and Wolf, Y.I. and Hess, W.R.},
   Title = {Genome sequence of the cyanobacterium \textit{Prochlorococcus marinus}
            SS120, a nearly minimal oxyphototrophic genome},
   Journal = {Proceedings of the National Academy of Sciences of the United States of America},
   Volume = {100},
   Pages = {10020-10025},
 Year = {2003} }

@article{ShieldsDC1987,
   Author = {Shields, D.C. and Sharp, P.M.},
   Title = {Synonymous codon usage in \textit{Bacillus subtilis}
  reflects both translational selection and mutational biases},
   Journal = {Nucleic Acids Research},
   Volume = {15},
   Pages = {8023-8040},
 Year = {1987} }

@article{SharpPM1991,
   Author = {Sharp, P.M. and Cowe, E.},
   Title = {Synonymous codon usage in \textit{Saccharomyces cerevisiae}},
   Journal = {Yeast},
   Volume = {7},
   Pages = {657-678},
 Year = {1991} }

@Manual{ComPairWise,
    title = {ComPairWise: Compare phylogenetic or population genetic data alignments},
    author = {Trina E. Roberts},
    year = {2007},
    note = {R package version 1.01},
}

@book{ConoverWJ1971,
   Author = {Conover, W.J.},
   Title = {Practical nonparametric statistics},
   Publisher = {John Wiley},
   Address = {New York, USA},
   Year = {1971}
}

@Manual{ChasseJL1988,
    title = {Mod{\'e}lisation statistique : statistique non param{\'e}trique (fiches de cours)},
    author = {Chass{\'e}, J.-L.},
    organization = {Laboratoire de Biom{\'e}trie et Biologie {\'E}volutive},
    address = {Lyon, France},
    year = {1988},
    note = {1988 for the publication year is an upper limit: could be earlier.},
  }

@PhDThesis{KiragaJ2008,
   Author = {Kiraga, J.},
   Title = {Analysis and computer simulations of variability of isoelectric point of proteins in the proteomes.},
   School = {University of Wroc{\l}aw},
   Year = {2008}
}

@article{RanjardL2000,
   Author = {Ranjard, L. and Brothier, E. and Nazaret, S.},
   Title = {Sequencing bands of ribosomal intergenic spacer analysis fingerprints for characterization and microscale distribution of soil bacterium populations responding to mercury spiking},
   Journal = {Applied and Environmental Microbiology},
   Volume = {66},
   Pages = {5334-5339},
 Year = {2000} }

